<?xml version="1.0" encoding="UTF-8"?>
<collection xmlns:xsi="http://www.w3.org/2001/XMLSchema-instance" xsi:schemaLocation="http://www.loc.gov/MARC21/slim http://www.loc.gov/standards/marcxml/schema/MARC21slim.xsd" xmlns="http://www.loc.gov/MARC21/slim">
<record>
  <leader>00784cam a22002051  4500</leader>
  <controlfield tag="001">2695214</controlfield>
  <controlfield tag="003">NNC</controlfield>
  <controlfield tag="005">20150920222901.0</controlfield>
  <controlfield tag="008">001004s1947    iq ab         000 0 ara d</controlfield>
  <datafield tag="035" ind1=" " ind2=" ">
    <subfield code="a">(OCoLC)ocm45116643</subfield>
  </datafield>
  <datafield tag="035" ind1=" " ind2=" ">
    <subfield code="9">ARE5621CU</subfield>
  </datafield>
  <datafield tag="035" ind1=" " ind2=" ">
    <subfield code="a">(NNC)2695214</subfield>
  </datafield>
  <datafield tag="040" ind1=" " ind2=" ">
    <subfield code="a">ZCU</subfield>
    <subfield code="c">ZCU</subfield>
  </datafield>
  <datafield tag="099" ind1=" " ind2=" ">
    <subfield code="a">956.7</subfield>
    <subfield code="a">Ab31</subfield>
  </datafield>
  <datafield tag="100" ind1="1" ind2=" ">
    <subfield code="a">ʻAbd al-Bāqī, Aḥmad.</subfield>
  </datafield>
  <datafield tag="245" ind1="1" ind2="0">
    <subfield code="a">Jughrāfīyat al-ʻIrāq wa-al-bilād al-ʻArabīyah,</subfield>
    <subfield code="c">taʾlīf Aḥmad ʻAbd-al-Bāqī, ʻAwnī Bakr-Ṣidqī,ʻAbd-al-Muṭṭalib al-Hāshimī.</subfield>
  </datafield>
  <datafield tag="260" ind1=" " ind2=" ">
    <subfield code="a">Baghdād,</subfield>
    <subfield code="b">Maṭbaʻat al-Najāh,</subfield>
    <subfield code="c">1947.</subfield>
  </datafield>
  <datafield tag="300" ind1=" " ind2=" ">
    <subfield code="a">220, 4 p.</subfield>
    <subfield code="b">illus., maps (part fold.)</subfield>
  </datafield>
  <datafield tag="500" ind1=" " ind2=" ">
    <subfield code="a">"Aqarrat Wizārat al-Maʻārif al-ʻIrāqīyah istiʻmālahū fī al-ṣufūf al-thālithah al-mutawassiṭah."</subfield>
  </datafield>
  <datafield tag="955" ind1=" " ind2=" ">
    <subfield code="b">0026813033</subfield>
    <subfield code="d">glx</subfield>
    <subfield code="e">956.7 Ab31</subfield>
  </datafield>
</record>
</collection>